00517cas a22002053a 4500
001 999324503502836
003 Nz
005 20200616162626.0
008 040113d198u198unz  r ne      0   a0eng  
035    $a (NLNZils)932450
035    $a (OCoLC)173423326
035    $a (Nz)8183961
035    $a (NLNZils)932450-ilsdb
040    $a NZNB $c NZNB
042    $a nznb
043    $a u-nz---
245 00 $a Thames Valley farmer.
260    $a [Thames, N.Z.]
651  0 $a Thames (N.Z.) $v Newspapers.
655  7 $a New Zealand newspapers. $2 local $5 Nz
